@article{hooper1993iterative,
  title={Iterative weighted least squares estimation in heteroscedastic linear models},
  author={Hooper, Peter M},
  journal={Journal of the American Statistical Association},
  volume={88},
  number={421},
  pages={179--184},
  year={1993},
  publisher={Taylor \& Francis}
}

@article{chen1993iterative,
  title={Iterative weighted least squares estimators},
  author={Chen, Jiahua and Shao, Jun},
  journal={The Annals of Statistics},
  pages={1071--1092},
  year={1993},
  publisher={JSTOR}
}

@article{fuller1978estimation,
  title={Estimation for a linear regression model with unknown diagonal covariance matrix},
  author={Fuller, Wayne A and Rao, JNK},
  journal={The Annals of Statistics},
  pages={1149--1158},
  year={1978},
  publisher={JSTOR}
}

@article{long2000using,
  title={Using heteroscedasticity consistent standard errors in the linear regression model},
  author={Long, J Scott and Ervin, Laurie H},
  journal={The American Statistician},
  volume={54},
  number={3},
  pages={217--224},
  year={2000},
  publisher={Taylor \& Francis Group}
}

@article{mackinnon1985some,
  title={Some heteroskedasticity-consistent covariance matrix estimators with improved finite sample properties},
  author={MacKinnon, James G and White, Halbert},
  journal={Journal of econometrics},
  volume={29},
  number={3},
  pages={305--325},
  year={1985},
  publisher={Elsevier}
}

@article{czekala2015constructing,
  title={Constructing A Flexible Likelihood Function For Spectroscopic Inference},
  author={Czekala, Ian and Andrews, Sean M and Mandel, Kaisey S and Hogg, David W and Green, Gregory M},
  journal={The Astrophysical Journal},
  volume={812},
  number={2},
  pages={128},
  year={2015},
  publisher={IOP Publishing}
}

@article{lumley1999weighted,
  title={Weighted empirical adaptive variance estimators for correlated data regression},
  author={Lumley, Thomas and Heagerty, Patrick},
  journal={Journal of the Royal Statistical Society: Series B (Statistical Methodology)},
  volume={61},
  number={2},
  pages={459--477},
  year={1999},
  publisher={Wiley Online Library}
}

@article{buja2014models,
  title={Models as Approximations: How Random Predictors and Model Violations Invalidate Classical Inference in Regression},
  author={Buja, A and Berk, R and Brown, L and George, E and Pitkin, E and Traskin, M and Zhan, K and Zhao, L},
  journal={arXiv preprint arXiv:1404.1578},
  year={2014}
}

@article{freedman2012so,
  title={On the so-called “Huber sandwich estimator” and “robust standard errors”},
  author={Freedman, David A},
  journal={The American Statistician},
  year={2012},
  publisher={Taylor \& Francis}
}

@inproceedings{huber1967behavior,
  title={The behavior of maximum likelihood estimates under nonstandard conditions},
  author={Huber, Peter J},
  booktitle={Proceedings of the fifth Berkeley symposium on mathematical statistics and probability},
  volume={1},
  pages={221--233},
  year={1967}
}

@article{ma2006efficient,
  title={Efficient semiparametric estimator for heteroscedastic partially linear models},
  author={Ma, Yanyuan and Chiou, Jeng-Min and Wang, Naisyin},
  journal={Biometrika},
  volume={93},
  number={1},
  pages={75--84},
  year={2006},
  publisher={Biometrika Trust}
}

@article{ma2013doubly,
  title={Doubly robust and efficient estimators for heteroscedastic partially linear single-index models allowing high dimensional covariates},
  author={Ma, Yanyuan and Zhu, Liping},
  journal={Journal of the Royal Statistical Society: Series B (Statistical Methodology)},
  volume={75},
  number={2},
  pages={305--322},
  year={2013},
  publisher={Wiley Online Library}
}

@article{richards2012prototype,
  title={Prototype selection for parameter estimation in complex models},
  author={Richards, Joseph W and Lee, Ann B and Schafer, Chad M and Freeman, Peter E and others},
  journal={The Annals of Applied Statistics},
  volume={6},
  number={1},
  pages={383--408},
  year={2012},
  publisher={Institute of Mathematical Statistics}
}


@techreport{friedman1984variable,
  title={A variable span smoother},
  author={Friedman, Jerome H},
  year={1984},
  institution={DTIC Document}
}

@ARTICLE{ivezic2007sloan,
  author = {Ivezi{\'c}, {\v{Z}}eljko and Smith, J Allyn and Miknaitis, Gajus
	and Lin, Huan and Tucker, Douglas and Lupton, Robert H and Gunn,
	James E and Knapp, Gillian R and Strauss, Michael A and Sesar, Branimir
	and others},
  title = {Sloan digital sky survey standard star catalog for stripe 82: The
	dawn of industrial 1\% optical photometry},
  journal = {The Astronomical Journal},
  year = {2007},
  volume = {134},
  pages = {973},
  number = {3},
  publisher = {IOP Publishing}
}


@ARTICLE{sesar2007exploring,
  author = {Sesar, Branimir and Ivezi{\'c}, {\v{Z}}eljko and Lupton, Robert H
	and Juri{\'c}, Mario and Gunn, James E and Knapp, Gillian R and De
	Lee, Nathan and Smith, J Allyn and Miknaitis, Gajus and Lin, Huan
	and others},
  title = {Exploring the variable sky with the Sloan Digital Sky Survey},
  journal = {The Astronomical Journal},
  year = {2007},
  volume = {134},
  pages = {2236},
  number = {6},
  publisher = {IOP Publishing}
}


@article{sesar2010light,
  title={Light Curve Templates and Galactic Distribution of RR Lyrae Stars from Sloan Digital Sky Survey Stripe 82},
  author={Sesar, Branimir and Ivezi{\'c}, {\v{Z}}eljko and Grammer, Skyler H and Morgan, Dylan P and Becker, Andrew C and Juri{\'c}, Mario and De Lee, Nathan and Annis, James and Beers, Timothy C and Fan, Xiaohui and others},
  journal={The Astrophysical Journal},
  volume={708},
  number={1},
  pages={717},
  year={2010},
  publisher={IOP Publishing}
}

@article{kelly2007some,
  title={Some aspects of measurement error in linear regression of astronomical data},
  author={Kelly, Brandon C},
  journal={The Astrophysical Journal},
  volume={665},
  number={2},
  pages={1489},
  year={2007},
  publisher={IOP Publishing}
}

@article{salmon2015relation,
  title={The Relation between Star Formation Rate and Stellar Mass for Galaxies at 3.5≤ z≤ 6.5 in CANDELS},
  author={Salmon, Brett and Papovich, Casey and Finkelstein, Steven L and Tilvi, Vithal and Finlator, Kristian and Behroozi, Peter and Dahlen, Tomas and Dav{\'e}, Romeel and Dekel, Avishai and Dickinson, Mark and others},
  journal={The Astrophysical Journal},
  volume={799},
  number={2},
  pages={183},
  year={2015},
  publisher={IOP Publishing}
}

@article{sanders2015toward,
  title={Toward Characterization of the Type IIP Supernova Progenitor Population: A Statistical Sample of Light Curves from Pan-STARRS1},
  author={Sanders, NE and Soderberg, AM and Gezari, S and Betancourt, M and Chornock, R and Berger, E and Foley, RJ and Challis, P and Drout, M and Kirshner, RP and others},
  journal={The Astrophysical Journal},
  volume={799},
  number={2},
  pages={208},
  year={2015},
  publisher={IOP Publishing}
}

@article{udalski2008optical,
  title={The Optical Gravitational Lensing Experiment. Final Reductions of the OGLE-III Data},
  author={Udalski, A and Szymanski, MK and Soszynski, I and Poleski, R},
  journal={Acta Astronomica},
  volume={58},
  pages={69--87},
  year={2008}
}

@article{jobson1980least,
  title={Least squares estimation when the covariance matrix and parameter vector are functionally related},
  author={Jobson, JD and Fuller, WA},
  journal={Journal of the American Statistical Association},
  volume={75},
  number={369},
  pages={176--181},
  year={1980},
  publisher={Taylor \& Francis Group}
}

@article{carroll1982robust,
  title={Robust estimation in heteroscedastic linear models},
  author={Carroll, Raymond J and Ruppert, David},
  journal={The Annals of Statistics},
  pages={429--441},
  year={1982},
  publisher={JSTOR}
}

@article{carroll1982adapting,
  title={Adapting for heteroscedasticity in linear models},
  author={Carroll, Raymond J},
  journal={The Annals of Statistics},
  pages={1224--1233},
  year={1982},
  publisher={JSTOR}
}

@article{carroll1988asymptotic,
  title={An asymptotic theory for weighted least-squares with weights estimated by replication},
  author={Carroll, Raymond J and Cline, Daren BH},
  journal={Biometrika},
  volume={75},
  number={1},
  pages={35--43},
  year={1988},
  publisher={Biometrika Trust}
}

@article{kennedy2001bayesian,
  title={Bayesian calibration of computer models},
  author={Kennedy, Marc C and O'Hagan, Anthony},
  journal={Journal of the Royal Statistical Society. Series B, Statistical Methodology},
  pages={425--464},
  year={2001},
  publisher={JSTOR}
}

@article{gutierrez1998aspects,
  title={Aspects of smoothing and model inadequacy in generalized regression},
  author={Gutierrez-Pena, E and Smith, AFM},
  journal={Journal of statistical planning and inference},
  volume={67},
  number={2},
  pages={273--286},
  year={1998},
  publisher={Elsevier}
}

@article{szpiro2010model,
  title={Model-Robust Regression and a Bayesian" Sandwich" Estimator},
  author={Szpiro, Adam A and Rice, Kenneth M and Lumley, Thomas},
  journal={The Annals of Applied Statistics},
  pages={2099--2113},
  year={2010},
  publisher={JSTOR}
}

@article{white1980heteroskedasticity,
  title={A heteroskedasticity-consistent covariance matrix estimator and a direct test for heteroskedasticity},
  author={White, Halbert},
  journal={Econometrica: Journal of the Econometric Society},
  pages={817--838},
  year={1980},
  publisher={JSTOR}
}

@article{white1980using,
  title={Using least squares to approximate unknown regression functions},
  author={White, Halbert},
  journal={International Economic Review},
  pages={149--170},
  year={1980},
  publisher={JSTOR}
}

@article{white1981consequences,
  title={Consequences and detection of misspecified nonlinear regression models},
  author={White, Halbert},
  journal={Journal of the American Statistical Association},
  volume={76},
  number={374},
  pages={419--433},
  year={1981},
  publisher={Taylor \& Francis}
}

@ARTICLE{riess20113,
  author = {Riess, Adam G and Macri, Lucas and Casertano, Stefano and Lampeitl,
	Hubert and Ferguson, Henry C and Filippenko, Alexei V and Jha, Saurabh
	W and Li, Weidong and Chornock, Ryan},
  title = {A 3\% solution: determination of the Hubble constant with the Hubble
	Space Telescope and Wide Field Camera 3},
  journal = {The Astrophysical Journal},
  year = {2011},
  volume = {730},
  pages = {119},
  number = {2},
  publisher = {IOP Publishing}
}


@ARTICLE{shappee2011new,
  author = {Shappee, Benjamin J and Stanek, KZ},
  title = {A new Cepheid distance to the giant spiral M101 based on image subtraction
	of Hubble Space Telescope/Advanced Camera for Surveys observations},
  journal = {The Astrophysical Journal},
  year = {2011},
  volume = {733},
  pages = {124},
  number = {2},
  publisher = {IOP Publishing}
}

@article{blight1975bayesian,
  title={A Bayesian approach to model inadequacy for polynomial regression},
  author={Blight, BJN and Ott, L},
  journal={Biometrika},
  volume={62},
  number={1},
  pages={79--88},
  year={1975},
  publisher={Biometrika Trust}
}

@book{durrett2010probability,
  title={Probability: theory and examples},
  author={Durrett, Rick},
  year={2010},
  publisher={Cambridge university press}
}

@article{mondrik2015multiband,
  title={A Multiband Generalization of the Analysis of Variance Period Estimation Algorithm and the Effect of Inter-band Observing Cadence on Period Recovery Rate},
  author={Mondrik, Nicholas and Long, James P and Marshall, Jennifer L},
  journal={arXiv preprint arXiv:1508.04772},
  year={2015}
}

@article{long2014estimating,
  title={Estimating a Common Period for a Set of Irregularly Sampled Functions with Applications to Periodic Variable Star Data},
  author={Long, James P and Chi, Eric C and Baraniuk, Richard G},
  journal={arXiv preprint arXiv:1412.6520},
  year={2014}
}

@ARTICLE{vanderplas2015periodograms,
  author = {VanderPlas, Jacob T. and Ivezic, Zeljko},
  title = {Periodograms for Multiband Astronomical Time Series},
  journal = {arXiv preprint arXiv:1502.01344},
  year = {2015}
}


@ARTICLE{zechmeister2009generalised,
  author = {Zechmeister, M and K{\"u}rster, M},
  title = {The generalised Lomb-Scargle periodogram. A new formalism for the
	floating-mean and Keplerian periodograms},
  journal = {Astronomy and Astrophysics},
  year = {2009},
  volume = {496},
  pages = {577--584},
  number = {2},
  publisher = {Springer-Verlag GmbH}
}


@ARTICLE{lomb1976least,
  author = {Lomb, Nick R},
  title = {Least-squares frequency analysis of unequally spaced data},
  journal = {Astrophysics and Space Science},
  year = {1976},
  volume = {39},
  pages = {447--462},
  number = {2},
  publisher = {Springer}
}



@article{schwarzenberg1996fast,
  title={Fast and statistically optimal period search in uneven sampled observations},
  author={Schwarzenberg-Czerny, A},
  journal={The Astrophysical Journal Letters},
  volume={460},
  number={2},
  pages={L107},
  year={1996},
  publisher={IOP Publishing}
}
